@incollection{VANET,
	title={Vehicular ad hoc networks},
	author={Wang, Yu and Li, Fan},
	booktitle={Guide to wireless ad hoc networks},
	pages={503--525},
	year={2009},
	publisher={Springer}
}

@misc{Contiki,
	key = {Online},
	howpublished = "Online: \url{http://http://www.contiki-os.org/}",
}

%======BEGIN: Literature Review======
@inproceedings{802154SecIssues,
	author = {Sastry, Naveen and Wagner, David},
	title = {Security Considerations for IEEE 802.15.4 Networks},
	booktitle = {Proceedings of the 3rd ACM Workshop on Wireless Security},
	series = {WiSe '04},
	year = {2004},
	isbn = {1-58113-925-X},
	location = {Philadelphia, PA, USA},
	pages = {32--42},
	numpages = {11},
	url = {http://doi.acm.org/10.1145/1023646.1023654},
	doi = {10.1145/1023646.1023654},
	acmid = {1023654},
	publisher = {ACM},
	address = {New York, NY, USA},
	keywords = {IEEE 802.15.4, link layer security, sensor networks},
}

@inproceedings{WebSidechannel,
  title={Side-channel leaks in web applications: A reality today, a challenge tomorrow},
  author={Chen, Shuo and Wang, Rui and Wang, XiaoFeng and Zhang, Kehuan},
  booktitle={Security and Privacy (SP), 2010 IEEE Symposium on},
  pages={191--206},
  year={2010},
  organization={IEEE}
}

@article{PinpointWeb,
  title={Pinpointing side-channel information leaks in web applications},
  author={Mather, Luke and Oswald, Elisabeth},
  journal={Journal of Cryptographic Engineering},
  volume={2},
  number={3},
  pages={161--177},
  year={2012},
  publisher={Springer}
}

@article{AppleMsg,
  title={Privacy Failures in Encrypted Messaging Services: Apple iMessage and Beyond},
  author={Coull, Scott and Dyer, Kevin},
  journal={arXiv preprint arXiv:1403.1906},
  year={2014}
}

@inproceedings{Language,
  title={Spot me if you can: Uncovering spoken phrases in encrypted VoIP conversations},
  author={Wright, Charles V and Ballard, Lucas and Coull, Scott E and Monrose, Fabian and Masson, Gerald M},
  booktitle={Security and Privacy, 2008. SP 2008. IEEE Symposium on},
  pages={35--49},
  year={2008},
  organization={IEEE}
}

@misc{VideoTraffic,
    author = {Chris Wampler, A. Selcuk Uluagac, Raheem Beyah},
    title = {Information Leakage in Encrypted IP Video Traffic},
    howpublished = {ieee-globecom 2015},
    year = {2015},
}

@incollection{SuggestBox,
  title={Attacking Suggest Boxes in Web Applications Over HTTPS Using Side-Channel Stochastic Algorithms},
  author={Schaub, Alexander and Schneider, Emmanuel and Hollender, Alexandros and Calasans, Vinicius and Jolie, Laurent and Touillon, Robin and Heuser, Annelie and Guilley, Sylvain and Rioul, Olivier},
  booktitle={Risks and Security of Internet and Systems},
  pages={116--130},
  year={2014},
  publisher={Springer}
}

@inproceedings{HClassifier,
  title={Website fingerprinting: attacking popular privacy enhancing technologies with the multinomial na{\"\i}ve-bayes classifier},
  author={Herrmann, Dominik and Wendolsky, Rolf and Federrath, Hannes},
  booktitle={Proceedings of the 2009 ACM workshop on Cloud computing security},
  pages={31--42},
  year={2009},
  organization={ACM}
} 

@inproceedings{Peekaboo,
author = {Dyer, Kevin P. and Coull, Scott E. and Ristenpart, Thomas and Shrimpton, Thomas}, 
title = {Peek-a-Boo, I Still See You: Why Efficient Traffic Analysis Countermeasures Fail}, 
booktitle = {Proceedings of the 2012 IEEE Symposium on Security and Privacy}, 
series = {SP '12}, year = {2012}, 
isbn = {978-0-7695-4681-0}, pages = {332--346}, 
numpages = {15}, 
url = {http://dx.doi.org/10.1109/SP.2012.28}, 
doi = {10.1109/SP.2012.28}, 
acmid = {2310689}, 
publisher = {IEEE Computer Society}, 
address = {Washington, DC, USA}, 
keywords = {traffic analysis countermeasures, privacy, machine learning, padding, encrypted traffic}, 
}

@inproceedings{TrafficMorphing,
  title={Traffic Morphing: An Efficient Defense Against Statistical Traffic Analysis.},
  author={Wright, Charles V and Coull, Scott E and Monrose, Fabian},
  booktitle={NDSS},
  year={2009}
} 

@inproceedings{HTTPOS,
  title={HTTPOS: Sealing Information Leaks with Browser-side Obfuscation of Encrypted Flows.},
  author={Luo, Xiapu and Zhou, Peng and Chan, Edmond WW and Lee, Wenke and Chang, Rocky KC and Perdisci, Roberto},
  booktitle={NDSS},
  year={2011}
}

@inproceedings{FTE,
  title={Protocol misidentification made easy with format-transforming encryption},
  author={Dyer, Kevin P and Coull, Scott E and Ristenpart, Thomas and Shrimpton, Thomas},
  booktitle={Proceedings of the 2013 ACM SIGSAC conference on Computer \& communications security},
  pages={61--72},
  year={2013},
  organization={ACM}
}

@inproceedings{6LoWPANAtk,
  title={A survey: Attacks on RPL and 6LoWPAN in IoT},
  author={Pongle, Pavan and Chavan, Gurunath},
  booktitle={Pervasive Computing (ICPC), 2015 International Conference on},
  pages={1--6},
  year={2015},
  organization={IEEE}
} 

@inproceedings{FragAtk,
 author = {Hummen, Ren{\'e} and Hiller, Jens and Wirtz, Hanno and Henze, Martin and Shafagh, Hossein and Wehrle, Klaus},
 title = {6LoWPAN Fragmentation Attacks and Mitigation Mechanisms},
 booktitle = {Proceedings of the Sixth ACM Conference on Security and Privacy in Wireless and Mobile Networks},
 series = {WiSec '13},
 year = {2013},
 isbn = {978-1-4503-1998-0},
 location = {Budapest, Hungary},
 pages = {55--66},
 numpages = {12},
 url = {http://doi.acm.org/10.1145/2462096.2462107},
 doi = {10.1145/2462096.2462107},
 acmid = {2462107},
 publisher = {ACM},
 address = {New York, NY, USA},
 keywords = {6lowpan, fragmentation, hash chains, internet of things},
}

@inproceedings{Sinkhole,
  title={Launching a sinkhole attack in wireless sensor networks; the intruder side},
  author={Krontiris, Ioannis and Giannetsos, Thanassis and Dimitriou, Tassos},
  booktitle={Networking and Communications, 2008. WIMOB'08. IEEE International Conference on Wireless and Mobile Computing,},
  pages={526--531},
  year={2008},
  organization={IEEE}
}

@article{HelloFlood,
  title={Signal strength based hello flood attack detection and prevention in wireless sensor networks},
  author={Singh, Virendra Pal and Ukey, Aishwarya S Anand and Jain, Sweta},
  journal={International Journal of Computer Applications},
  volume={62},
  number={15},
  year={2013},
  publisher={Foundation of Computer Science}
} 

@article{Wormhole,
  title={Wormhole attacks in wireless networks},
  author={Hu, Yih-Chun and Perrig, Adrian and Johnson, David B},
  journal={Selected Areas in Communications, IEEE Journal on},
  volume={24},
  number={2},
  pages={370--380},
  year={2006},
  publisher={IEEE}
}

@inproceedings{Blackhole,
  title={Detection and prevention mechanism for Blackhole attack in Wireless Sensor Network},
  author={Wazid, Mohammad and Katal, Avita and Singh Sachan, Roshan and Goudar, RH and Singh, Dhirendra Pratap},
  booktitle={Communications and Signal Processing (ICCSP), 2013 International Conference on},
  pages={576--581},
  year={2013},
  organization={IEEE}
}


%======END: Literature Review======
@inproceedings{noncoresec,
	author = {Krentz, Konrad-Felix and Rafiee, Hosnieh and Meinel, Christoph},
	title = {6LoWPAN Security: Adding Compromise Resilience to the 802.15.4 Security Sublayer},
	booktitle = {Proceedings of the International Workshop on Adaptive Security},
	series = {ASPI '13},
	year = {2013},
	isbn = {978-1-4503-2543-1},
	location = {Zurich, Switzerland},
	pages = {1:1--1:10},
	articleno = {1},
	numpages = {10},
	url = {http://doi.acm.org/10.1145/2523501.2523502},
	doi = {10.1145/2523501.2523502},
	acmid = {2523502},
	publisher = {ACM},
	address = {New York, NY, USA},
	keywords = {DoS attacks, broadcast authentication, internet of things, key management, link layer security, sensor network security},
} 

@techreport{OSI,
    author = {International Organization for Standardization ISO},
	institution = {ISO},
    citeulike-article-id = {9080852},
    day = {15},
    edition = {Second},
    keywords = {iso, layer, osi, protocol},
    month = jun,
    pages = {34-65+},
    posted-at = {2011-03-30 19:52:59},
    priority = {2},
    title = {{ISO/IEC 7498-1Information technology - Open Systems Interconnection - Basic Reference Model: The Basic Model}},
    year = {1994}
}

@techreport{802154,
    abstract = {{IEEE Std 802.15.4-2003 defined the protocol and compatible interconnection for data communication devices using low-data-rate, low-power, and low-complexity short-range radio frequency (RF) transmissions in a wireless personal area network (WPAN). This revision extends the market applicability of IEEE Std 802.15.4, removes ambiguities in the standard, and makes improvements revealed by implementations of IEEE Std 802.15.4-2003.}},
    booktitle = {IEEE Std 802.15.4-2006 (Revision of IEEE Std 802.15.4-2003)},
	author = {IEEE 802.15.4 Working Group},
	institution = {IEEE 802.15.4 Working Group},
    citeulike-article-id = {2134830},
    citeulike-linkout-0 = {http://dx.doi.org/10.1109/ieeestd.2006.232110},
    citeulike-linkout-1 = {http://ieeexplore.ieee.org/xpls/abs\_all.jsp?arnumber=1700009},
    doi = {10.1109/ieeestd.2006.232110},
    isbn = {0-7381-4996-9},
    journal = {IEEE Std 802.15.4-2006 (Revision of IEEE Std 802.15.4-2003)},
    keywords = {wsn},
    pages = {0\_1--305},
    posted-at = {2008-07-29 03:54:34},
    priority = {2},
    publisher = {IEEE},
    title = {{IEEE Standard for Information Technology- Telecommunications and Information Exchange Between Systems- Local and Metropolitan Area Networks- Specific Requirements Part 15.4: Wireless Medium Access Control (MAC) and Physical Layer (PHY) Specifications for Low-Rate Wireless Personal Area Networks (WPANs)}},
    url = {http://dx.doi.org/10.1109/ieeestd.2006.232110},
    year = {2006}
}

@misc{TelosB,
	key = {Online},
	howpublished = "Online: \url{http://www.willow.co.uk/html/telosb_mote_platform.php}",
}

@misc{CC2538,
	key = {Online},
	howpublished = "Online: \url{http://www.ti.com/product/CC2538}",
}

@misc{Wismote,
	key = {Online},
	howpublished = "Online: \url{http://www.aragosystems.com/en/wisnet-item/wisnet-wismote-item.html}"
}

@article{ContikiMAC,
  title={The contikimac radio duty cycling protocol},
  author={Dunkels, Adam},
  journal={SICS Report},
  year={2011},
  publisher={Swedish Institute of Computer Science}
}

@misc{Wireshark,
	key = {Online},
	howpublished = "Online: \url{https://www.wireshark.org/}"
}
